@Manual{acronymsdown,
title = {{acronymsdown}: Acronyms and Glossaries Support for RMarkdown},
  author = {Remy Chaput},
  year = {2025},
  note = {R package version 0.11.1, commit 3227434a96126342e47d8ec9ffb53639e77fea2d},
  url = {https://github.com/rchaput/acronymsdown},
}
@Manual{base,
title = {{R}: A Language and Environment for Statistical Computing},
  author = {{R Core Team}},
  organization = {R Foundation for Statistical Computing},
  address = {Vienna, Austria},
  year = {2025},
  url = {https://www.R-project.org/},
}
@Manual{bookdown2025,
title = {{bookdown}: Authoring Books and Technical Documents with R Markdown},
  author = {Yihui Xie},
  year = {2025},
  note = {R package version 0.43},
  url = {https://github.com/rstudio/bookdown},
}

@Book{bookdown2016,
title = {{bookdown}: Authoring Books and Technical Documents with {R} Markdown},
  author = {Yihui Xie},
  publisher = {Chapman and Hall/CRC},
  address = {Boca Raton, Florida},
  year = {2016},
  isbn = {978-1138700109},
  url = {https://bookdown.org/yihui/bookdown},
}
@Book{car,
  title = {An {R} Companion to Applied Regression},
  edition = {Third},
  author = {John Fox and Sanford Weisberg},
  year = {2019},
  publisher = {Sage},
  address = {Thousand Oaks {CA}},
  url = {https://www.john-fox.ca/Companion/},
}
@Manual{cowplot,
title = {{cowplot}: Streamlined Plot Theme and Plot Annotations for `{ggplot2}'},
  author = {Claus O. Wilke},
  year = {2024},
  note = {R package version 1.1.3},
  url = {https://CRAN.R-project.org/package=cowplot},
}
@Manual{crayon,
title = {{crayon}: Colored Terminal Output},
  author = {Gábor Csárdi},
  year = {2024},
  note = {R package version 1.5.3},
  url = {https://CRAN.R-project.org/package=crayon},
}
@Manual{devtools,
title = {{devtools}: Tools to Make Developing R Packages Easier},
  author = {Hadley Wickham and Jim Hester and Winston Chang and Jennifer Bryan},
  year = {2022},
  note = {R package version 2.4.5},
  url = {https://CRAN.R-project.org/package=devtools},
}
@Manual{flextable,
title = {{flextable}: Functions for Tabular Reporting},
  author = {David Gohel and Panagiotis Skintzos},
  year = {2025},
  note = {R package version 0.9.9},
  url = {https://CRAN.R-project.org/package=flextable},
}
@Manual{ftExtra,
title = {{ftExtra}: Extensions for `{Flextable}'},
  author = {Atsushi Yasumoto},
  year = {2024},
  note = {R package version 0.6.4},
  url = {https://CRAN.R-project.org/package=ftExtra},
}
@Manual{ggdag,
title = {{ggdag}: Analyze and Create Elegant Directed Acyclic Graphs},
  author = {Malcolm Barrett},
  year = {2024},
  note = {R package version 0.2.13},
  url = {https://CRAN.R-project.org/package=ggdag},
}
@Manual{gghighlight,
title = {{gghighlight}: Highlight Lines and Points in `{ggplot2}'},
  author = {Hiroaki Yutani},
  year = {2023},
  note = {R package version 0.4.1},
  url = {https://CRAN.R-project.org/package=gghighlight},
}
@Manual{gluedown,
title = {{gluedown}: Wrap Vectors in Markdown Formatting},
  author = {Kiernan Nicholls},
  year = {2024},
  note = {R package version 1.0.9},
  url = {https://CRAN.R-project.org/package=gluedown},
}
@Manual{grateful,
title = {{grateful}: Facilitate citation of {R} packages},
  author = {Francisco Rodriguez-Sanchez and Connor P. Jackson},
  year = {2024},
  url = {https://pakillo.github.io/grateful/},
}
@Manual{grid,
title = {{R}: A Language and Environment for Statistical Computing},
  author = {{R Core Team}},
  organization = {R Foundation for Statistical Computing},
  address = {Vienna, Austria},
  year = {2025},
  url = {https://www.R-project.org/},
}
@Manual{here,
title = {{here}: A Simpler Way to Find Your Files},
  author = {Kirill Müller},
  year = {2020},
  note = {R package version 1.0.1},
  url = {https://CRAN.R-project.org/package=here},
}
@Article{infer,
  title = {{infer}: An {R} package for tidyverse-friendly statistical inference},
  author = {Simon P. Couch and Andrew P. Bray and Chester Ismay and Evgeni Chasnovski and Benjamin S. Baumer and Mine Çetinkaya-Rundel},
  journal = {Journal of Open Source Software},
  year = {2021},
  volume = {6},
  number = {65},
  pages = {3661},
  doi = {10.21105/joss.03661},
}
@Manual{kableExtra,
title = {{kableExtra}: Construct Complex Table with `{kable}' and Pipe Syntax},
  author = {Hao Zhu},
  year = {2024},
  note = {R package version 1.4.0},
  url = {https://CRAN.R-project.org/package=kableExtra},
}
@Manual{knitr2025,
title = {{knitr}: A General-Purpose Package for Dynamic Report Generation in {R}},
  author = {Yihui Xie},
  year = {2025},
  note = {R package version 1.50},
  url = {https://yihui.org/knitr/},
}

@Book{knitr2015,
  title = {Dynamic Documents with {R} and knitr},
  author = {Yihui Xie},
  publisher = {Chapman and Hall/CRC},
  address = {Boca Raton, Florida},
  year = {2015},
  edition = {2nd},
  note = {ISBN 978-1498716963},
  url = {https://yihui.org/knitr/},
}

@InCollection{knitr2014,
  booktitle = {Implementing Reproducible Computational Research},
  editor = {Victoria Stodden and Friedrich Leisch and Roger D. Peng},
title = {{knitr}: A Comprehensive Tool for Reproducible Research in {R}},
  author = {Yihui Xie},
  publisher = {Chapman and Hall/CRC},
  year = {2014},
  note = {ISBN 978-1466561595},
}
@Manual{matrixStats,
title = {{matrixStats}: Functions that Apply to Rows and Columns of Matrices (and to
Vectors)},
  author = {Henrik Bengtsson},
  year = {2025},
  note = {R package version 1.5.0},
  url = {https://CRAN.R-project.org/package=matrixStats},
}
@Manual{medicaldata,
title = {{medicaldata}: Data Package for Medical Datasets},
  author = {Peter Higgins},
  year = {2021},
  note = {R package version 0.2.0},
  url = {https://CRAN.R-project.org/package=medicaldata},
}
@Manual{officer,
title = {{officer}: Manipulation of Microsoft Word and PowerPoint Documents},
  author = {David Gohel and Stefan Moog and Mark Heckmann},
  year = {2025},
  note = {R package version 0.6.10},
  url = {https://CRAN.R-project.org/package=officer},
}
@Manual{parallel,
title = {{R}: A Language and Environment for Statistical Computing},
  author = {{R Core Team}},
  organization = {R Foundation for Statistical Computing},
  address = {Vienna, Austria},
  year = {2025},
  url = {https://www.R-project.org/},
}
@Manual{rmarkdown2024,
title = {{rmarkdown}: Dynamic Documents for R},
  author = {JJ Allaire and Yihui Xie and Christophe Dervieux and Jonathan McPherson and Javier Luraschi and Kevin Ushey and Aron Atkins and Hadley Wickham and Joe Cheng and Winston Chang and Richard Iannone},
  year = {2024},
  note = {R package version 2.29},
  url = {https://github.com/rstudio/rmarkdown},
}

@Book{rmarkdown2018,
  title = {R Markdown: The Definitive Guide},
  author = {Yihui Xie and J.J. Allaire and Garrett Grolemund},
  publisher = {Chapman and Hall/CRC},
  address = {Boca Raton, Florida},
  year = {2018},
  isbn = {9781138359338},
  url = {https://bookdown.org/yihui/rmarkdown},
}

@Book{rmarkdown2020,
  title = {R Markdown Cookbook},
  author = {Yihui Xie and Christophe Dervieux and Emily Riederer},
  publisher = {Chapman and Hall/CRC},
  address = {Boca Raton, Florida},
  year = {2020},
  isbn = {9780367563837},
  url = {https://bookdown.org/yihui/rmarkdown-cookbook},
}
@Misc{rstan,
  title = {{RStan}: the {R} interface to {Stan}},
  author = {{Stan Development Team}},
  note = {R package version 2.32.7},
  year = {2025},
  url = {https://mc-stan.org/},
}
@Manual{tables,
title = {{tables}: Formula-Driven Table Generation},
  author = {Duncan Murdoch},
  year = {2024},
  note = {R package version 0.9.31},
  url = {https://CRAN.R-project.org/package=tables},
}
@Article{TwoSampleMR2018,
  author = {G. Hemani and J. Zheng and B. Elsworth and K. Wade and D. Baird and V. Haberland and C. Laurin and S. Burgess and J. Bowden and R. Langdon and V.Y. Tan and J. Yarmolinsky and H.A. Shibab and N.J. Timpson and D.M. Evans and C. Relton and R.M. Martin and G. {Davey Smith} and T.R. Gaunt and P.C. Haycock and {The MR-Base Collaboration}},
  title = {The MR-Base platform supports systematic causal inference across the human phenome},
  year = {2018},
  volume = {7},
  journal = {eLife},
  pages = {e34408},
  url = {https://elifesciences.org/articles/34408},
  doi = {10.7554/eLife.34408},
}

@Article{TwoSampleMR2017,
  author = {G. Hemani and K. Tilling and G. {Davey Smith}},
  title = {Orienting the causal relationship between imprecisely measured traits using GWAS summary data},
  journal = {PLoS Genetics},
  year = {2017},
  volume = {13},
  number = {11},
  pages = {e1007081},
  doi = {10.1371/journal.pgen.1007081},
  url = {https://doi.org/10.1371/journal.pgen.1007081},
}
@Manual{wordcountaddin,
title = {{wordcountaddin}: Word counts and readability statistics in R markdown documents},
  author = {Ben Marwick},
  year = {2025},
  note = {R package version 0.3.0.9000, commit 13bf891f11322c73919be59ed797cf201e725cac},
  url = {https://github.com/benmarwick/wordcountaddin},
}
@Article{tidyverse,
  title = {Welcome to the {tidyverse}},
  author = {Hadley Wickham and Mara Averick and Jennifer Bryan and Winston Chang and Lucy D'Agostino McGowan and Romain François and Garrett Grolemund and Alex Hayes and Lionel Henry and Jim Hester and Max Kuhn and Thomas Lin Pedersen and Evan Miller and Stephan Milton Bache and Kirill Müller and Jeroen Ooms and David Robinson and Dana Paige Seidel and Vitalie Spinu and Kohske Takahashi and Davis Vaughan and Claus Wilke and Kara Woo and Hiroaki Yutani},
  year = {2019},
  journal = {Journal of Open Source Software},
  volume = {4},
  number = {43},
  pages = {1686},
  doi = {10.21105/joss.01686},
}
